@misc{statBrow,
    author    = {StatCounter, Global Stats},
    title     = {Top 5 Desktop, Tablet and Console Browsers},
    url  = {http://gs.statcounter.com/},
    year={2015}
},

@techreport{goertzel2007software,
  title={Software Security Assurance: A State-of-Art Report (SAR)},
  author={Goertzel, Karen M and Winograd, Theodore and McKinley, Holly L and Oh, Lyndon J and Colon, Michael and McGibbon, Thomas and Fedchak, Elaine and Vienneau, Robert},
  year={2007},
  institution={DTIC Document}
},

@article{Yoder1998,
author = {Yoder, J. and Yoder, J. and Barcalow, J. and Barcalow, J.},
journal = {Proceedings of PLoP 1997},
pages = {31},
title = {{Architectural patterns for enabling application security}},
url = {http://scholar.google.com/scholar?hl=en\&btnG=Search\&q=intitle:Architectural+patterns+for+enabling+application+security\#0},
volume = {51},
year = {1998}
},

@inproceedings{fernandez2004methodology,
  title={A Methodology for Secure Software Design.},
  author={Fernandez, Eduardo B},
  booktitle={Software Engineering Research and Practice},
  pages={130--136},
  year={2004}
},

@incollection{WhyteHarrison,
author = {Whyte, Bill and Harrison, John},
isbn = {9781615208371 DOI: 10.4018/978-1-61520-837-1.ch001},
language = {English},
publisher = {IGI Global},
title = {{State of Practice in Secure Software: Expertsâ€™ Views on Best Ways Ahead}},
url = {http://www.igi-global.com/chapter/state-practice-secure-software/48404}
},

@misc{cert,
    author    = "Computer Emergency Response Team, Carnegie Mellon University",
    title     = "Early Identification Reduces Total Cost (Segment from CERT's Podcasts for Bussiness Leaders)",
    url  = "http://www.cert.org/podcasts/podcast_episode.cfm?episodeid=34820"
},

@misc{interCoursera,
    author    = {Mike Hicks},
    title     = {Interview to \textbf{Kevin Haley} (from \textbf{Symantec})},
    year     = {2014},
    note 	= {Mike Hicks (Profesor of Software Security course in Coursera.org)}
},

@book{fernandez2013security,
  title={Security patterns in practice: designing secure architectures using software patterns},
  author={Fernandez-Buglioni, Eduardo},
  year={2013},
  publisher={John Wiley \& Sons}
},

@INPROCEEDINGS{535061,
author={Larrondo-Petrie, M.M. and Nair, K.R. and Raghavan, G.K.},
booktitle={Southcon/96. Conference Record},
title={A domain analysis of Web browser architectures, languages and features},
year={1996},
month={Jun},
pages={168-174}
},

@inproceedings{2005-grosskurth-browser-refarch
,note={URL: {\tt http://grosskurth.ca/papers.html\#browser-refarch}}
,author={Alan Grosskurth and Michael W. Godfrey}
,pages={661--664}
,title={A reference architecture for web browsers}
,year={2005}
},

@misc{preprint-grosskurth-browser-archevol
,note={URL: {\tt http://grosskurth.ca/papers.html\#browser-archevol}. Note: submitted for publication}
,author={Alan Grosskurth and Michael W. Godfrey}
,title={{Architecture and evolution of the modern web browser}}
},

@incollection{fernandez2006defining,
  title={Defining security requirements through misuse actions},
  author={Fernandez, Eduardo B and VanHilst, Michael and Petrie, Maria M Larrondo and Huang, Shihong},
  booktitle={Advanced Software Engineering: Expanding the Frontiers of Software Technology},
  pages={123--137},
  year={2006},
  publisher={Springer US}
},

@inproceedings{braz2008eliciting,
  title={Eliciting security requirements through misuse activities},
  author={Braz, Fabricio A and Fernandez, Eduardo B and VanHilst, Michael},
  booktitle={Database and Expert Systems Application, 2008. DEXA'08. 19th International Workshop on},
  pages={328--333},
  year={2008},
  organization={IEEE}
},

@misc{buschman1996system,
  title={A system of patterns: pattern-oriented software architecture},
  author={Buschman, Frank and Meunier, Regine and Rohnert, Hans and Sommerlad, Peter and Stal, Michael},
  year={1996},
  publisher={Wiley}
},